%%%%%%%%%%% mybib.bib %%%%%%%%%%%%%%%%%%%

@ARTICLE{Fassett,
    AUTHOR={Fassett, Jonathon E.},
    TITLE={Eigenvalues in Filled Julia Sets},
    JOURNAL={Mathematics Magazine},
    MONTH={June},
    YEAR={2011},
    VOLUME= {84} ,
    PAGES={221-227},
}

@ARTICLE{iraq,
    AUTHOR={unknown currently},
    TITLE={Collecting between the Collage Theorem and the optimization method to solve inverse problem of fracal image},
    JOURNAL={Journal of Kerbala University},
    MONTH={March},
    YEAR={2008},
    VOLUME= {6} ,
   ISSUE={1},
    PAGES={256-259},
}

@ARTICLE{china,
    AUTHOR={Yuanyuan, Sun and Rudan, Xu and Xiaopeng,Hu},
    TITLE={Image compression and encryption scheme using fractal dictionary and Julia set},
    JOURNAL={IET Image Processing},
    MONTH={March},
    YEAR={2015},
    VOLUME= {9} ,
    ISSUE={3},
    PAGES={173-183},
}

@ARTICLE{moham,
    AUTHOR={Alia, Mohammad Ahmad and Samsudin, Azman Bin},
    TITLE={A New Public-Key Cryptosystem Based on Mandlebrot and Julia Fractal Sets},
    JOURNAL={Asian Journal of Information Technology},

    YEAR={2007},
    VOLUME= {6} ,
    ISSUE={5},
    PAGES={567-575},
}

@ARTICLE{algo,
    AUTHOR={Yuanyuan, Sun and Rudan, Xu and Ruiquin,Kong and Chen, Lina},
    TITLE={An Image Encryption Algorithm Utilizing Julia Sets and Hilbert Curves},
    JOURNAL={PLoS ONE},
    MONTH={January},
    YEAR={2014},
    VOLUME= {9} ,
   number={1},
    PAGES={e84655},
}


@BOOK{ifs,
    AUTHOR={Slawomir Nikiel},
    TITLE={Iterated Function Systems for Real-Time Image Synthesis},
    YEAR= {2007},
   PUBLISHER={Springer London},
	 PAGES={55-59},
}

@BOOK{hans,
    AUTHOR={Hans Lauwerier},
    TITLE={Fractals  Endlessley Repeated Geometrical Figures},
    YEAR= {1991},
   PUBLISHER={Princeton University Press},
	 PAGES={1-144},
}

@BOOK{beauty,
    AUTHOR={Peitgen, H.O. and Richter P.H.},
    TITLE={The Beauty of Fractals},
    YEAR= {1986},
   PUBLISHER={Springer-Verlag Berlin Heidelberg},
	 PAGES={8-50},
}

@ARTICLE{tokyo,
    AUTHOR={Mitsuhiro Shishikura},
    TITLE={Topologocal, Geometric and Complex Analytic Properties of Julia Sets},
    JOURNAL={International Mathematical Union Proceedins 1994},
    MONTH={August},
    YEAR={1994},
    VOLUME= {9} ,
   number={1},
    PAGES={886-895},
}

@ONLINE{yang,
	author = {Yang, Jianke},
	title = {Properties of Julia Sets},
	month = {Apr},
	year = {2015},
	note = {http://www.emba.uvm.edu/~jxyang/teaching/Math266notes10.pdf},
}

@ONLINE{Frame,
	author = {Frame, Michael and Mandlebrot, Benoit and Neger, Nial},
	title = {Fractal Geometry},
	month = {Apr},
	year = {2015},
	note = {http://classes.yale.edu/fractals/MandelSet/welcome.html},
}



@ONLINE{cotty,
	author = {Konstantin J. Balashov},
	title = {Fractal Compression},
	month = {Apr},
	year = {2015},
	note = {http://cotty.16x16.com/compress},
}

@ONLINE{hypertext,
	author = {Glenn Elert},
	title = {Strange \& Complex},
	month = {Apr},
	year = {2015},
	note = {http://hypertextbook.com/chaos/22.shtml},
}

@ONLINE{goodwin,
	author = {Michael McGoodwin},
	title = {Julia Jewels: An Exploration of Julia Sets},
	month = {Apr},
	year = {2015},
	note = {http://hypertextbook.com/chaos/22.shtml},
}

@ONLINE{solomak,
	author = {Boris Solomak},
	title = {Additional Facts About Julia Sets},
	month = {Apr},
	year = {2015},
	note = {http://www.math.washington.edu/~solomyak/TEACH/435/Julia.pdf},
}

%%%%%%%%%%%%% end %%%%%%%%%%%%%%%%%%%%
%%